% This web page lists the various kinds
% of bibtex entries.  I have included
% a few examples below.
% https://www.bibtex.com/e/entry-types/

% Wikipedia article:
@misc{wiki:C,
   author = "{Wikipedia contributors}",
   title = "C (programming language) --- {W}ikipedia{,} The Free Encyclopedia",
   year = "2023",
   howpublished = "https://en.wikipedia.org/wiki/C_(programming_language)",
   url = "https://en.wikipedia.org/wiki/C_(programming_language)",
   note = "[Online; accessed 20-April-2023]"
 }
 
@book{Mecklenburg:2005a,
  author    = "Robert Mecklenburg",
  title     = "Managing Projects with GNU Make, 3rd ed.",
  publisher = "O'Reilly",
  address   = "Cambridge, Mass.",
  year      = 2005
}

@article{Tschinkel:2007a,
  author   = "Walter R. Tschinkel",
  title    = "Just Scoring Points",
  journal  = "The Chronicle of Higher Education",
  year     = 2007,
  volume   = "53",
  number   = "32",
  pages    = "B13",
}